<?xml version="1.0" encoding="UTF-8"?><collection xmlns="http://www.loc.gov/MARC21/slim"><record><leader>00481nam--2200205-u-4500</leader><controlfield tag="001">000050455</controlfield><controlfield tag="002">20161230</controlfield><controlfield tag="003">81863</controlfield><controlfield tag="005">20161230201048</controlfield><controlfield tag="008">070322s1000------------r-----000-0-eng-d</controlfield><datafield ind1=" " ind2=" " tag="020"><subfield code="a">073-7636-17-1</subfield></datafield><datafield ind1=" " ind2=" " tag="040"><subfield code="a">IFIN-HH</subfield></datafield><datafield ind1=" " ind2=" " tag="041"><subfield code="a">eng</subfield></datafield><datafield ind1="1" ind2=" " tag="100"><subfield code="a">Ghitescu,Petre</subfield></datafield><datafield ind1="1" ind2="0" tag="245"><subfield code="a">Ingineria Reactoarelor Nucleare</subfield></datafield><datafield ind1=" " ind2=" " tag="260"><subfield code="a">Bucuresti</subfield><subfield code="b">Proxima</subfield><subfield code="c">2006</subfield></datafield><datafield ind1=" " ind2=" " tag="300"><subfield code="a">195 p</subfield></datafield><datafield ind1=" " ind2="4" tag="650"><subfield code="a">Elemente Combustibile</subfield></datafield><datafield ind1=" " ind2=" " tag="852"><subfield code="a">81863</subfield></datafield><datafield ind1=" " ind2=" " tag="CAT"><subfield code="a">Sys</subfield><subfield code="c">20070322</subfield><subfield code="h">144825</subfield></datafield></record></collection>